@misc{website:gnu-open-source,
    author = {Richard Stallman},
    title = {{Why open source misses the point of Free Software}},
    month = {May},
    year = 2012,
    howpublished = {\url{http://www.gnu.org/philosophy/
        open-source-misses-the-point.html}},
}

% 'The Free Software Definition'
@misc{website:gnu-free-software,
    title = {{What is Free Software?}},
    author = {Richard Stallman},
    month = {February},
    year = 2012,
    howpublished = "\url{http://www.gnu.org/philosophy/free-sw.html}",
}

@misc{website:osi-osd,
    title = {{The Open Source Definition}},
    howpublished = "\url{http://opensource.org/osd.html}",
}

@misc{website:oreilly,
    title = {{Open Source Pioneers Meet in Historic Summit}},
    author = {Press Release},
    month = {April},
    year = 1998,
    howpublished = "\url{http://press.oreilly.com/pub/pr/796}",
}

@misc{website:dwheeler,
    title = {{The Free-Libre / Open Source Software (FLOSS) License Slide}},
    author = {David Wheeler},
    month = {September},
    year = 2007,
    howpublished = "\url{http://www.dwheeler.com/essays/floss-license-slide.html}",
}

@misc{website:gnu-copyleft,
    title = {{What is Copyleft?}},
    author = {Richard Stallman},
    month = {May},
    year = 2012,
    howpublished = "\url{http://www.gnu.org/copyleft/}",
}

@misc{website:osi-copyleft,
    title = {{Frequently Asked Questions}},
    howpublished = "\url{http://www.opensource.org/faq#copyleft}",
}

@misc{website:softwarefreedom,
    title = {{A Practical Guide to GPL Compliance}},
    author = {Bradley Kuhn and Aaron Williamson and Karen Sandler},
    month = {August},
    year = 2008,
    howpublished = "\url{http://www.softwarefreedom.org/resources/2008/compliance-guide.html}",
}

% Comparison of licenses and combinations thereof.
@misc{website:e1ven,
    title = {{Comparison of Open Source Licenses}},
    author = "Colin Davis",
    month = "March",
    year = 2012,
    howpublished = "\url{http://e1ven.com/2012/03/21/comparison-of-open-source-licenses}"
}

@misc{website:smashingmagazine,
    title = {{A Short Guide to Open-Source and Similar Licenses}},
    author = {Cameron Chapman},
    howpublished = {\url{http://www.smashingmagazine.com/2010/03/24/
        a-short-guide-to-open-source-and-similar-licenses/}},
    year = 2010,
    month = {March},
}

% 5 Pivotal Open Source Lawsuits
@misc{website:sherweb,
    title = {{5 Pivotal Open Source Lawsuits}},
    year = 2010,
    month = "December",
    howpublished = "\url{http://blog.sherweb.com/
        5-pivotal-open-source-lawsuits/}",
}
